@article{10.1093/bioinformatics/btu324,
    author = {Soneson, Charlotte},
    title = "{compcodeR—an R package for benchmarking differential expression methods for RNA-seq data}",
    journal = {Bioinformatics},
    volume = {30},
    number = {17},
    pages = {2517-2518},
    year = {2014},
    month = {05},
    abstract = "{Summary:compcodeR is an R package for benchmarking of differential expression analysis methods, in particular, methods developed for analyzing RNA-seq data. The package provides functionality for simulating realistic RNA-seq count datasets, an interface to several of the most commonly used differential expression analysis methods and extensive functionality for evaluating and comparing different approaches on real and simulated data.Availability and implementation:compcodeR is available from http://www.bioconductor.org/packages/release/bioc/html/compcodeR.htmlContact:Charlotte.Soneson@isb-sib.ch or charlottesoneson@gmail.com}",
    issn = {1367-4803},
    doi = {10.1093/bioinformatics/btu324},
    url = {https://doi.org/10.1093/bioinformatics/btu324},
    eprint = {http://oup.prod.sis.lan/bioinformatics/article-pdf/30/17/2517/9963920/btu324.pdf},
}

@article{bullard2010evaluation,
  title={Evaluation of statistical methods for normalization and differential expression in mRNA-Seq experiments},
  author={Bullard, James H and Purdom, Elizabeth and Hansen, Kasper D and Dudoit, Sandrine},
  journal={BMC bioinformatics},
  volume={11},
  number={1},
  pages={94},
  year={2010},
  publisher={BioMed Central}
}

@article{soneson2013comparison,
  title={A comparison of methods for differential expression analysis of RNA-seq data},
  author={Soneson, Charlotte and Delorenzi, Mauro},
  journal={BMC bioinformatics},
  volume={14},
  number={1},
  pages={91},
  year={2013},
  publisher={BioMed Central}
}

@article{robles2012efficient,
  title={Efficient experimental design and analysis strategies for the detection of differential expression using RNA-Sequencing},
  author={Robles, Jos{\'e} A and Qureshi, Sumaira E and Stephen, Stuart J and Wilson, Susan R and Burden, Conrad J and Taylor, Jennifer M},
  journal={BMC genomics},
  volume={13},
  number={1},
  pages={484},
  year={2012},
  publisher={BioMed Central}
}

@article{soneson2014compcoder,
  title={compcodeR—an R package for benchmarking differential expression methods for RNA-seq data},
  author={Soneson, Charlotte},
  journal={Bioinformatics},
  volume={30},
  number={17},
  pages={2517--2518},
  year={2014},
  publisher={Oxford University Press}
}

article{durinck2005biomart,
  title={BioMart and Bioconductor: a powerful link between biological databases and microarray data analysis},
  author={Durinck, Steffen and Moreau, Yves and Kasprzyk, Arek and Davis, Sean and De Moor, Bart and Brazma, Alvis and Huber, Wolfgang},
  journal={Bioinformatics},
  volume={21},
  number={16},
  pages={3439--3440},
  year={2005},
  publisher={Oxford University Press}
}

@article{zhu2018heavy,
  title={Heavy-tailed prior distributions for sequence count data: removing the noise and preserving large differences},
  author={Zhu, Anqi and Ibrahim, Joseph G and Love, Michael I},
  journal={Bioinformatics},
  volume={35},
  number={12},
  pages={2084--2092},
  year={2018},
  publisher={Oxford University Press}
}

@article{wang2009degseq,
  title={DEGseq: an R package for identifying differentially expressed genes from RNA-seq data},
  author={Wang, Likun and Feng, Zhixing and Wang, Xi and Wang, Xiaowo and Zhang, Xuegong},
  journal={Bioinformatics},
  volume={26},
  number={1},
  pages={136--138},
  year={2009},
  publisher={Oxford University Press}
}

@article{tarazona2015data,
  title={Data quality aware analysis of differential expression in RNA-seq with NOISeq R/Bioc package},
  author={Tarazona, Sonia and Furi{\'o}-Tar{\'\i}, Pedro and Turra, David and Pietro, Antonio Di and Nueda, Mar{\'\i}a Jos{\'e} and Ferrer, Alberto and Conesa, Ana},
  journal={Nucleic acids research},
  volume={43},
  number={21},
  pages={e140--e140},
  year={2015},
  publisher={Oxford University Press}
}

@article{brooks2011conservation,
  title={Conservation of an RNA regulatory map between Drosophila and mammals},
  author={Brooks, Angela N and Yang, Li and Duff, Michael O and Hansen, Kasper D and Park, Jung W and Dudoit, Sandrine and Brenner, Steven E and Graveley, Brenton R},
  journal={Genome research},
  volume={21},
  number={2},
  pages={193--202},
  year={2011},
  publisher={Cold Spring Harbor Lab}
}

@article{hu2018penndiff,
  title={PennDiff: detecting differential alternative splicing and transcription by RNA sequencing},
  author={Hu, Yu and Lin, Jennie and Hu, Jian and Hu, Gang and Wang, Kui and Zhang, Hanrui and Reilly, Muredach P and Li, Mingyao},
  journal={Bioinformatics},
  volume={34},
  number={14},
  pages={2384--2391},
  year={2018},
  publisher={Oxford University Press}
}